@software{luger_showyourwork_2021,
  author = {{Luger}, Rodrigo},
  title = {{showyourwork}},
  year = {2021},
  publisher = {GitHub},
  journal = {GitHub repository},
  howpublished = {\url{https://github.com/rodluger/showyourwork}},
  commit = {main}
}

@misc{mccluskey_github_2023,
  author = {McCluskey, Andrew R.},
  license = {CC BY 4.0/MIT},
  month = {2},
  title = {{linearization-issues-0.0.1}},
  howpublished = {\url{https://github.com/arm61/linearization-issues}},
  year = {2023}
}

@article{hites_calculating_2017,
  doi = {10.1021/acs.jchemed.6b00842},
  url = {https://doi.org/10.1021/acs.jchemed.6b00842},
  year = {2017},
  month = feb,
  publisher = {American Chemical Society ({ACS})},
  volume = {94},
  number = {3},
  pages = {398--400},
  author = {Ronald A. Hites},
  title = {Calculating the Confidence and Prediction Limits of a Rate Constant at a Given Temperature from an Arrhenius Equation Using Excel},
  journal = {Journal of Chemical Education}
}

@article{alamillo_mechanistic_2022,
  doi = {10.1038/s41570-022-00447-w},
  url = {https://doi.org/10.1038/s41570-022-00447-w},
  year = {2022},
  month = dec,
  publisher = {Springer Science and Business Media {LLC}},
  volume = {7},
  number = {1},
  pages = {26--34},
  author = {Carla Alamillo-Ferrer and George Hutchinson and Jordi Bur{\'{e}}s},
  title = {Mechanistic interpretation of orders in catalyst greater than one},
  journal = {Nature Reviews Chemistry}
}

@article{perrin_linear_2017,
  doi = {10.1021/acs.jchemed.6b00629},
  url = {https://doi.org/10.1021/acs.jchemed.6b00629},
  year = {2017},
  month = apr,
  publisher = {American Chemical Society ({ACS})},
  volume = {94},
  number = {6},
  pages = {669--672},
  author = {Charles L. Perrin},
  title = {Linear or Nonlinear Least-Squares Analysis of Kinetic Data?},
  journal = {Journal of Chemical Education}
}

@article{zielinski_least_1997,
  doi = {10.1021/ed074p1001},
  url = {https://doi.org/10.1021/ed074p1001},
  year = {1997},
  month = aug,
  publisher = {American Chemical Society ({ACS})},
  volume = {74},
  number = {8},
  pages = {1001},
  author = {Theresa Julia Zielinski and Robert D. Allendoerfer},
  title = {Least Squares Fitting of Non-Linear Data in the Undergraduate Laboratory},
  journal = {Journal of Chemical Education}
}

@book{monk_math_2010,
  title     = "Maths for Chemistry: A chemist's toolkit of calculations",
  author    = "Monk, Paul and Munro, Lindsey J.",
  publisher = "Oxford University Press",
  edition   =  2,
  year      =  2010,
  address   = "London, UK"
}

@book{atkins_physical_2018,
  title     = "Atkins' Physical Chemistry",
  author    = "Atkins, Peter and de Paula, Julio and Keeler, James",
  publisher = "Oxford University Press",
  edition   =  11,
  year      =  2018,
  address   = "London, UK"
}

@book{hayashi_econometrics_2001,
  title     = "Econometrics",
  author    = "Hayashi, Fumio",
  publisher = "Princeton University Press",
  year      =  2001,
  address   = "Princeton, US"
}

@article{harper_data_2017,
  doi = {10.1021/acs.jchemed.6b00687},
  url = {https://doi.org/10.1021/acs.jchemed.6b00687},
  year = {2017},
  month = mar,
  publisher = {American Chemical Society ({ACS})},
  volume = {94},
  number = {5},
  pages = {610--614},
  author = {James K. Harper and Emily C. Heider},
  title = {Data Linearization Activity for Undergraduate Analytical Chemistry Lectures},
  journal = {Journal of Chemical Education}
}

@article{harris_nonlinear_1998,
  doi = {10.1021/ed075p119},
  url = {https://doi.org/10.1021/ed075p119},
  year = {1998},
  month = jan,
  publisher = {American Chemical Society ({ACS})},
  volume = {75},
  number = {1},
  pages = {119},
  author = {Daniel C. Harris},
  title = {Nonlinear Least-Squares Curve Fitting with Microsoft Excel Solver},
  journal = {Journal of Chemical Education}
}

@conference{kluyver_jupyter_2016, 
Title = {Jupyter Notebooks -- a publishing format for reproducible computational workflows}, 
Author = {Thomas Kluyver and Benjamin Ragan-Kelley and Fernando P{\'e}rez and Brian Granger and Matthias Bussonnier and Jonathan Frederic and Kyle Kelley and Jessica Hamrick and Jason Grout and Sylvain Corlay and Paul Ivanov and Dami{\'a}n Avila and Safia Abdalla and Carol Willing}, 
Booktitle = {Positioning and Power in Academic Publishing: Players, Agents and Agendas}, 
Editor = {F. Loizides and B. Schmidt}, 
Organization = {IOS Press}, 
Pages = {87 - 90}, 
Year = {2016} 
}

@article{moeglich_open_2018,
  doi = {10.1021/acs.jchemed.8b00649},
  url = {https://doi.org/10.1021/acs.jchemed.8b00649},
  year = {2018},
  month = oct,
  publisher = {American Chemical Society ({ACS})},
  volume = {95},
  number = {12},
  pages = {2273--2278},
  author = {Andreas M\"{o}glich},
  title = {An Open-Source,  Cross-Platform Resource for Nonlinear Least-Squares Curve Fitting},
  journal = {Journal of Chemical Education}
}

@incollection{rittenhouse_chapter_2005,
  doi = {10.1016/s1574-1400(05)01016-9},
  url = {https://doi.org/10.1016/s1574-1400(05)01016-9},
  year = {2005},
  publisher = {Elsevier},
  pages = {221--235},
  author = {Jonathan Rittenhouse and Mihai Scarlete},
  title = {Chapter 16 Simulation of Chemical Concepts,  Systems and Processes Using Symbolic Computation Engines: From Computer-Assisted Problem-Solving Approach to Advanced Tools for Research},
  booktitle = {Annual Reports in Computational Chemistry}
}

@article{denton_analysis_2000,
  doi = {10.1021/ed077p1524},
  url = {https://doi.org/10.1021/ed077p1524},
  year = {2000},
  month = nov,
  publisher = {American Chemical Society ({ACS})},
  volume = {77},
  number = {11},
  pages = {1524},
  author = {Philip Denton},
  title = {Analysis of First-Order Kinetics Using Microsoft Excel Solver},
  journal = {Journal of Chemical Education}
}

@article{tellinghuisen_bias_2000,
  doi = {10.1021/jp002332w},
  url = {https://doi.org/10.1021/jp002332w},
  year = {2000},
  month = nov,
  publisher = {American Chemical Society ({ACS})},
  volume = {104},
  number = {50},
  pages = {11829--11835},
  author = {Joel Tellinghuisen},
  title = {Bias and Inconsistency in Linear Regression},
  journal = {The Journal of Physical Chemistry A}
}

@article{levent_dont_2004,
  doi = {10.1021/ed081p32.2},
  url = {https://doi.org/10.1021/ed081p32.2},
  year = {2004},
  month = jan,
  publisher = {American Chemical Society ({ACS})},
  volume = {81},
  number = {1},
  pages = {32},
  author = {Sue Le Vent},
  title = {Don{\textquotesingle}t Be Tricked by Your Integrated Rate Plot: Reaction Order Ambiguity},
  journal = {Journal of Chemical Education}
}

@article{rusling_minimizing_1988,
  doi = {10.1021/ed065p863},
  url = {https://doi.org/10.1021/ed065p863},
  year = {1988},
  month = oct,
  publisher = {American Chemical Society ({ACS})},
  volume = {65},
  number = {10},
  pages = {863},
  author = {James F. Rusling},
  title = {Minimizing errors in numerical analysis of chemical data},
  journal = {Journal of Chemical Education}
}

@article{delevie_when_1986,
  doi = {10.1021/ed063p10},
  url = {https://doi.org/10.1021/ed063p10},
  year = {1986},
  month = jan,
  publisher = {American Chemical Society ({ACS})},
  volume = {63},
  number = {1},
  pages = {10},
  author = {Robert de Levie},
  title = {When,  why,  and how to use weighted least squares},
  journal = {Journal of Chemical Education}
}